@book{newton1726philosophiae,
  title     = {Philosophiae naturalis principia mathematica},
  author    = {Newton, I.},
  url       = {https://books.google.com/books?id=WeZ09rjv-1kC},
  year      = {1726},
  publisher = {Innys}
}
